<?xml version="1.0" encoding="UTF-8"?><collection xmlns="http://www.loc.gov/MARC21/slim"><record><leader>00269nam--2200121-u-4500</leader><controlfield tag="001">000052795</controlfield><controlfield tag="002">20161230</controlfield><controlfield tag="005">20161230201050</controlfield><controlfield tag="008">101025s1000------------r-----000-0-eng-d</controlfield><datafield ind1="1" ind2=" " tag="100"><subfield code="a">Author test</subfield></datafield><datafield ind1="1" ind2=" " tag="245"><subfield code="a">Cataloguing test</subfield></datafield><datafield ind1="1" ind2=" " tag="700"><subfield code="a">Szke</subfield></datafield><datafield ind1=" " ind2=" " tag="CAT"><subfield code="a">Sys</subfield><subfield code="c">20101025</subfield><subfield code="h">170850</subfield></datafield></record></collection>